@article{mckinseytele,
  author =       "Paul-Louis Caylar and Alexandre MÃ©nard",
  title =        "How telecom companies can win in the digital revolution",
  journal =      "Mckinsey.com: Our Insights",
  year =         "2016",
"\url{https://www.mckinsey.com/business-functions/digital-mckinsey/our-insights/how-telecom-companies-can-win-in-the-digital-revolution}",
   note =         "[Online; Vierailtu 27-Marraskuu-2017]",
}

@book{lamoureux,
author =    "Louis Lamoureux",
title =     "Doing Digital Right - How Companies Cann Thrive in the Next Digital Era",
year =      "2017",
publisher = "Third Digital Inc.",
address =   ""
}

@MISC{groover,
   author =       "Mikell P. Groover",
   title =        "Automation",
   editor =       "Encyclopedia Britannica",
   month =        "Toukokuu",
   year =         "2002",
   url =          "\url{https://www.britannica.com/technology/automation }",
   note =         "[Online; Vierailtu 27-Marraskuu-2017]",
 }
 
@book{harmon,
author =    "Paul Harmon",
title =     "Business Process Change",
year =      "2014",
publisher = "Elsevier",
address =   ""
}
